
%Горбань А. Н. Обобщенная аппроксимационная теорема и вычислительные возможности нейронных сетей // Сибирский журнал вычислительной математики, 1998, т. 1, № 1. — С. 12—24.
@BOOK{bib:codes,
    author = "Ф.~Дж.~Мак~-~Вильямс. and Н.~Дж.~А.~Слоэн.",
    title = "Теория кодов, исправляющих ошибки",
    address = "М.",
    publisher = "Связь",
    year = 1979,
    numpages = 746,
    language = "russian"
}

@BOOK{bib:codes2,
    author = "Р.~Морелос~-Сарагоса.",
    title = "Искусство Помехоустойчивого Кодирования. Методы, алгоритмы, применение.",
    address = "М.",
    publisher = "Мир связи",
    year = 2005,
    numpages = 320,
    language = "russian"
}

@BOOK{bib:neural_networks,
    author = "Simon~Haykin",
    title = "Neural Networks A Comprehensive Foundation Second Edition",
    publisher = "Prentice~Hall.",
    year = 2006,
    numpages = 823,
    language = "english"
}

@BOOK{bib:neural_networks2,
    author = "Raul Rojas",
    title = "Neural Networks~-~A Systematic Introduction",
    publisher = "Springer-Verlag Berlin Heidelberg",
    year = 1996,
    numpages = 502,
    language = "english"
}


@book{bib:representative_data_sets,
    author = {Borovicka,~T. and Jirina~Jr,~M. and Jirina, M. and Kordik, P.},
    title = "Selecting representative data sets"
    publisher = {INTECH Open Access Publisher},
    year = 2012,
    numpages = 70,
    language = "english"
}

@MISC{bib:buhrstein,
      AUTHOR = "D.~Burshtein and Y.~Beery and E.~Nachmanie",
      TITLE = "Learning to Decode Linear Codes Using Deep Learning [Электронный ресурс].",
      YEAR = 2016,
      NOTE = "Режим доступа: \url{https://arxiv.org/abs/1607.0479}3.-- (Дата обращения 09.06.2018)."
}

@BOOK{bib:win_go,
    author = "D.~Silver and A.~Huang and C.~J.~Maddison and A.~Guez and L.~Sifre and G.~Van~Den~Driessche and J.~Schrittwieser and I.~Antonoglou and V.~Panneershelvam and M.~Lanctot",
    title = "Mastering the game of go with deep neural networks and tree search",
    publisher = "Nature",
    year = 2016,
    numpages = 529,
    language = "english"
}

@article{bib:approximation_theorem,
    author = "Cybenko,~G.~V.",
    TITLE = "Approximation by Superpositions of a Sigmoidal function, Mathematics of Control Signals and Systems.",
    volume = 2,
    number = 4,
    pages = {303-314},
    year = 1989,
    numpages = 403,
    language = "english"
}

@article{bib:metrics,
    author = "J.~M.~Twomey and A.~E.~Smith",
    TITLE = "Approximation by Superpositions of a Sigmoidal function, Mathematics of Control Signals and Systems.",
    volume = 21,
    number = 2,
    pages = {243-258},
    year = 1995,
    numpages = 271,
    language = "english"
}

@MISC{bib:python,
      TITLE = "Python 3.6.5 documentation [Электронный ресурс].",
      NOTE = "// Режим доступа: \url{https://docs.python.org/3/index.html}.-- (Дата обращения 09.06.2018)."
}

@MISC{bib:keras,
      TITLE = "Keras documentation [Электронный ресурс].",
      NOTE = "// Режим доступа: \url{https://keras.io}.-- (Дата обращения 09.06.2018)."
}

@MISC{bib:hyperopt,
      TITLE = "Hyperopt documentation [Электронный ресурс].",
      NOTE = "// Режим доступа: \url{https://github.com/hyperopt/hyperopt/wiki}.-- (Дата обращения 09.06.2018)."
}

@MISC{bib:jupyter,
      TITLE = "Jupyter documentation [Электронный ресурс].",
      NOTE = "// Режим доступа: \url{http://jupyter.org/documentation}.-- (Дата обращения 09.06.2018)."
}

@MISC{bib:nvidia_k80,
      TITLE = "NVIDIA Tesla K80 [Электронный ресурс].",
      NOTE = "// Режим доступа: \url{http://www.nvidia.ru/object/tesla-k80-ru.html}.-- (Дата обращения 09.06.2018)."
}

@MISC{bib:google_colab,
      TITLE = "Google Colaborotory introduction [Электронный ресурс].",
      NOTE = "// Режим доступа: \url{https://colab.research.google.com/notebooks/welcome.ipynb#scrollTo=8iU2gnJFItM1}.-- (Дата обращения 09.06.2018)."
}

@MISC{bib:colab_settings,
      TITLE = "Google Colaborotory usage [Электронный ресурс].",
      NOTE = "// Режим доступа: \url{https://research.google.com/colaboratory/local-runtimes.html}.-- (Дата обращения 09.06.2018)."
}

@MISC{bib:why_python,
      TITLE = "The Incredible Growth of Python [Электронный ресурс].",
      NOTE = "// Режим доступа: \url{https://stackoverflow.blog/2017/09/06/incredible-growth-python/}.-- (Дата обращения 09.06.2018)."
}

@MISC{bib:loss_and_opt,
      TITLE = "Loss Functions and Optimization Algorithms [Электронный ресурс].",
      NOTE = "// Режим доступа: \url{https://medium.com/data-science-group-iitr/loss-functions-and-optimization-algorithms-demystified-bb92daff331c}.-- (Дата обращения 09.06.2018)."
}

@MISC{bib:glorot_uniform,
      TITLE = "Understanding the difficulty of training deep feedforward neural networks [Электронный ресурс].",
      NOTE = "// Режим доступа: \url{http://proceedings.mlr.press/v9/glorot10a/glorot10a.pdf}.-- (Дата обращения 09.06.2018)."
}
